@article{Moretti2008,
	Abstract = {A few applications of the Shapley value are described. The main choice criterion is to look at quite diversified fields, to appreciate how wide is the terrain that has been explored and colonized using this and related tools.},
	Author = {Moretti, Stefano and Patrone, Fioravante},
	Doi = {10.1007/s11750-008-0044-5},
	Issn = {1863-8279},
	Journal = {TOP},
	Number = {1},
	Pages = {1},
	Title = {Transversality of the Shapley value},
	Url = {http://dx.doi.org/10.1007/s11750-008-0044-5},
	Volume = {16},
	Year = {2008},
	Bdsk-Url-1 = {http://dx.doi.org/10.1007/s11750-008-0044-5}
}